@book{addenda,
    author    = "Pierre-Antoine Absil",
    title     = "Addende to Chapter 8 - The Exchange Algorithm and Chebyshev Interpolation",
    year      = "2014",
    month    = "November"
}

@book{Analysis,
    author    = "Endre SÃ¼li and David F. Mayers",
    title     = "An Introduction to Nuerical Analysis",
    publisher = "Cambridge University Press",
    year      = " 2003",
    ISBN      = "978-0521007948"
}

@book{Powell,
    author    = " M. J. D. Powell",
    title     = "Approximation theory and methods",
    publisher = "Cambridge University Press",
    year      = "  1981",
}
